<?xml version="1.0" encoding="UTF-8"?><collection xmlns="http://www.loc.gov/MARC21/slim"><record><leader>00426nam--2200157-i-4500</leader><controlfield tag="001">000034592</controlfield><controlfield tag="002">20161230</controlfield><controlfield tag="005">20161230201040</controlfield><controlfield tag="008">060222s1000------------r-----000-0-eng-d</controlfield><datafield ind1=" " ind2=" " tag="040"><subfield code="a">IFIN-HH</subfield></datafield><datafield ind1=" " ind2=" " tag="100"><subfield code="a">Neville, E.H</subfield></datafield><datafield ind1=" " ind2=" " tag="245"><subfield code="a">Rectangular-polar conversion tables</subfield></datafield><datafield ind1=" " ind2=" " tag="260"><subfield code="a">CAMBRIDGE, UNIV.PRESS, 1956. XXIX+109 p</subfield></datafield><datafield ind1=" " ind2=" " tag="490"><subfield code="a">Royal Society Math.Tables</subfield><subfield code="v">vol.2</subfield></datafield><datafield ind1=" " ind2=" " tag="852"><subfield code="a">12141</subfield><subfield code="c">518.2</subfield></datafield><datafield ind1=" " ind2=" " tag="CAT"><subfield code="a">Sys</subfield><subfield code="c">20090804</subfield><subfield code="h">083654</subfield></datafield></record></collection>